@inproceedings{wingate2011lightweight,
  title={Lightweight implementations of probabilistic programming languages via transformational compilation},
  author={Wingate, David and Stuhlm{\"u}ller, Andreas and Goodman, Noah},
  booktitle={Proceedings of the Fourteenth International Conference on Artificial Intelligence and Statistics},
  pages={770--778},
  year={2011},
  organization={JMLR Workshop and Conference Proceedings}
}

@article{bonawitz2008composable,
  title={Composable Probabilistic Inference with Blaise},
  author={Bonawitz, Keith A},
  year={2008}
}

@article{hastings1970monte,
  title={Monte Carlo sampling methods using Markov chains and their applications},
  author={Hastings, W Keith},
  year={1970},
  publisher={Oxford University Press}
}

@article{metropolis1953equation,
  title={Equation of state calculations by fast computing machines},
  author={Metropolis, Nicholas and Rosenbluth, Arianna W and Rosenbluth, Marshall N and Teller, Augusta H and Teller, Edward},
  journal={The journal of chemical physics},
  volume={21},
  number={6},
  pages={1087--1092},
  year={1953},
  publisher={American Institute of Physics}
}

@misc{Procedur10:online,
author = {},
title = {Procedural Macros - The Rust Reference},
howpublished = {\url{https://doc.rust-lang.org/reference/procedural-macros.html}},
month = {},
year = {},
note = {(Accessed on 04/15/2023)}
}
