@inproceedings{wingate2011lightweight,
  title={Lightweight implementations of probabilistic programming languages via transformational compilation},
  author={Wingate, David and Stuhlm{\"u}ller, Andreas and Goodman, Noah},
  booktitle={Proceedings of the Fourteenth International Conference on Artificial Intelligence and Statistics},
  pages={770--778},
  year={2011},
  organization={JMLR Workshop and Conference Proceedings}
}
